
@book{russell_norvig_2014,
  place     = {Hoboken, NJ},
  title     = {Artificial intelligence: a modern approach},
  publisher = {Pearson},
  author    = {Russell, Stuart J. and Norvig, Peter},
  year      = {2014}
}


@misc{harmendeweerd:1,
  howpublished = {http://www.harmendeweerd.nl/braitenberg-vehicles/},
  author       = {Harmen de Weerd},
  title        = {Braitenberg vehicles - Simple rules can appear to be smart},
  month        = {October},
  year         = {2016},
  note         = {Accessed on 03.11.20}
}